%% This BibTeX bibliography file was created using BibDesk.
%% http://bibdesk.sourceforge.net/

%% Created for McLain at 2020-04-27 17:29:29 -0600 


%% Saved with string encoding Unicode (UTF-8) 



@inproceedings{MartinS10,
	Author = {P. Martin and E. Sala{\"u}n},
	Booktitle = {{IEEE} International Conference on Robotics and Automation},
	Date-Added = {2020-04-27 16:53:06 -0600},
	Date-Modified = {2020-04-27 17:20:52 -0600},
	Pages = {1623--1629},
	Title = {The true role of accelerometer feedback in quadrotor control},
	Year = {2010}}

@article{MahonyKC12,
	Author = {R. Mahony and V. Kumar and P. Corke},
	Date-Added = {2020-04-27 16:45:30 -0600},
	Date-Modified = {2020-04-27 17:29:19 -0600},
	Journal = {{IEEE} Robotics \& Automation Magazine},
	Pages = {20--32},
	Title = {Multirotor Aerial Vehicles: Modeling, Estimation, and Control of a Quadrotor},
	Year = {2012}}

@book{BeardMcLainUAVbook12,
	Author = {R. Beard and T. McLain},
	Date-Added = {2020-04-23 15:16:28 -0600},
	Date-Modified = {2020-04-23 15:18:00 -0600},
	Publisher = {Princeton University Press},
	Title = {Small Unmanned Aircraft: Theory and Practice},
	Year = {2012}}
